
@online{noauthor_filehandshake_2020,
  title = {File:Handshake icon black circle.svg - Wikipedia},
  url = {https://commons.wikimedia.org/wiki/File:Handshake_icon_black_circle.svg
         },
  shorttitle = {File},
  urldate = {2023-04-27},
  date = {2020-05-21},
  langid = {english},
  file = {Snapshot:files/328/FileHandshake_icon_black_circle.html:text/html},
}

@inreference{noauthor_disjunktive_2023,
  title = {Disjunktive Normalform},
  rights = {Creative Commons Attribution-{ShareAlike} License},
  url = {
         https://de.wikipedia.org/w/index.php?title=Disjunktive_Normalform&oldid=230680696
         },
  abstract = {Als disjunktive Normalform (kurz {DNF}) wird in der Booleschen
              Algebra eine in besonderer Weise normierte Funktionsdarstellung
              Boolescher Funktionen bezeichnet.},
  booktitle = {Wikipedia},
  urldate = {2023-04-27},
  date = {2023-02-08},
  langid = {german},
  note = {Page Version {ID}: 230680696},
  file = {Snapshot:files/330/Disjunktive_Normalform.html:text/html},
}
