@inreference{DisjunktiveNormalform2023,
  title = {Disjunktive Normalform},
  booktitle = {Wikipedia},
  date = {2023-02-08T14:08:34Z},
  url = {https://de.wikipedia.org/w/index.php?title=Disjunktive_Normalform&oldid=230680696},
  urldate = {2023-04-27},
  abstract = {Als disjunktive Normalform (kurz DNF) wird in der Booleschen Algebra eine in besonderer Weise normierte Funktionsdarstellung Boolescher Funktionen bezeichnet.},
  langid = {ngerman},
  annotation = {Page Version ID: 230680696},
  file = {/home/areo/Zotero/storage/SXQLX3QN/Disjunktive_Normalform.html}
}

@online{FileHandshakeIcon2020,
  title = {File:{{Handshake}} Icon Black Circle.Svg - {{Wikipedia}}},
  shorttitle = {File},
  date = {2020-05-21},
  url = {https://commons.wikimedia.org/wiki/File:Handshake_icon_black_circle.svg},
  urldate = {2023-04-27},
  langid = {english},
  file = {/home/areo/Zotero/storage/WTU6IBT3/FileHandshake_icon_black_circle.html}
}

@online{ZahlendarstellungZurBasis,
  title = {Zahlendarstellung Zur {{Basis}}},
  url = {https://www.inf.hs-flensburg.de/lang/informatik/zahlendarstellung.htm},
  urldate = {2023-05-26},
  file = {/home/areo/Zotero/storage/WSWSRARI/zahlendarstellung.html}
}
